

,-------------------.
|     PREAMBLE      |
`-------------------'

@preamble{ "\providecommand{\noopsort}[1]{}"
}

,-------------------.
|  BIBTEX ENTRIES   |
`-------------------'


@inproceedings{tor,
  author    = {Roger Dingledine and
               Nick Mathewson and
               Paul F. Syverson},
  title     = {{Tor: The Second-Generation Onion Router}},
  booktitle = {Proceedings of the 13th {USENIX} Security Symposium, August 9-13,
               2004, San Diego, CA, {USA}},
  pages     = {303--320},
  year      = {2004},
publisher = {USENIX Association},
   address = {Berkeley, CA, USA},
  website       = {http://www.usenix.org/publications/library/proceedings/sec04/tech/dingledine.html},
  timestamp = {Wed, 14 May 2014 19:33:31 +0200},
  biburl    = {http://dblp.uni-trier.de/rec/bib/conf/uss/DingledineMS04},
  bibsource = {dblp computer science bibliography, http://dblp.org}
}

@misc{bcp188,
  author =        {Stephen Farrell and Hannes Tschofenig},
  month =         {May},
  note =          {Accessed March 2015},
  title =         {{IETF BCP 188: Pervasive Monitoring Is an Attack}},
  year =          {2014},
  website =           {http://tools.ietf.org/html/bcp188},
}

@misc{pony,
  author =        {Jeremy Kirk},
  howpublished =
  {\url{http://www.pcworld.com/article/2069260/passwords-reset-after-pony-botnet-stole-2-million-credentials.html}},
  note =          {Accessed March 2015},
  title =         {{Passwords reset after Pony botnet stole 2 million
                   credentials}},
  month = 	{December},
  year =          {2013},
}

@misc{shellshock,
  author =        {Juha Saarinen},
  howpublished =
  {\url{http://www.itnews.com.au/News/396197,first-shellshock-botnet-attacks-akamai-us-dod-networks.aspx}},
  note =          {Accessed March 2015},
  title =         {{First Shellshock Botnet Attacks Akamai, US DoD
                   Networks}},
  month = 	{September},
  year =          {2014},
}

@misc{Kelihos,
  author =        {Symantec Security},
  howpublished =
  {\url{http://www.symantec.com/connect/blogs/apple-ids-targeted-kelihos-botnet-phishing-campaign}},
  note =          {Accessed March 2015},
  title =         {{Apple IDs Targeted by Kelihos Botnet Phishing
                   Campaign}},
  month = 	{September},
  year =          {2014},
}

@misc{ISP1,
  author =        {Henry Blodget},
  howpublished =
  {\url{http://seekingalpha.com/article/29449-compete-ceo-isps-sell-clickstreams-for-5-a-month}},
  note =          {Accessed March 2015},
  title =         {{Compete CEO: ISPs Sell Clickstreams For \$5 A
                   Month}},
  month =	{March},
  year =          {2007},
}

@misc{ISP2,
  author =        {Douglas Rushkoff},
  howpublished =
  {\url{http://www.cnn.com/2012/07/06/opinion/rushkoff-online-monitoring/}},
  note =          {Accessed March 2015},
  title =         {{Will Your Internet Provider Be Spying on You?}},
  month = 	  {July},
  year =          {2012},
}

@misc{databrokers,
  author =        {Kate Murphy},
  howpublished =
  {\url{http://www.nytimes.com/2012/05/03/technology/personaltech/how-to-muddy-your-tracks-on-the-internet.html?_r=0}},
  note =          {Accessed March 2015},
  title =         {{How to Muddy Your Tracks on the Internet}},
  month =	  {May},
  year =          {2012},
}

@misc{breach3,
  author =        {Larry Greenemeier},
  howpublished =
  {\url{http://www.informationweek.com/va-secretary-comes-under-fire-at-house-a/188500312}},
  month =         {May},
  note =          {Accessed March 2015},
  title =         {{VA Secretary Comes Under Fire At House And Senate
                   Data Theft Hearings}},
  year =          {2006},
}

@misc{breach2,
  author =        {{\noopsort{BBC}}{BBC }News},
  howpublished =      {\url{http://news.bbc.co.uk/2/hi/business/7105592.stm}},
  key =           {BBC},
  month =         {November},
  note =          {Accessed March 2015},
  title =         {{Data disaster: Your Queries Answered}},
  year =          {2007},
}

@misc{breach1,
  author =        {Larry Greenemeier},
  howpublished =
  {\url{http://www.scientificamerican.com/article.cfm?id=security-breach-lost-laptop}},
  note =          {Accessed March 2015},
  title =         {{Security Breach: Feds Lose Laptop Containing
                   Sensitive Data --- Again}},
  month =	  {March},
  year =          {2008},
}

@misc{king_FBI,
  author =        {Jen Christensen},
  howpublished =
  {\url{http://edition.cnn.com/2008/US/03/31/mlk.fbi.conspiracy/}},
  note =          {Accessed March 2015},
  title =         {{FBI Tracked King's Every Move}},
  month =	  {December},
  year =          {2008},
}

@misc{Pfitzmann08,
  author =        {Andreas Pfitzmann and Marit Hansen},
  title =         {{Anonymity, Unlinkability, Undetectability,
                   Unobservability, Pseudonymity, and Identity
                   Management --- A Consolidated Proposal for
                   Terminology}},
  year =          {2008},
  note =	{Accessed March 2015},
 howpublished = {\url{http://dud.inf.tu-dresden.de/literatur/Anon_Terminology_v0.31.pdf}},
        month = {February},
}



@article{chaum-mix,
  author =        {David Chaum},
  journal =       {Communications of the ACM},
  month =         {February},
  number =        {2},
  pages =         {84--90},
  title =         {{Untraceable Electronic Mail, Return Addresses, and
                   Digital Pseudonyms}},
  volume =        {4},
  year =          {1981},
}

@misc{mixmaster,
  author =        {M\"{o}ller, Ulf and Cottrell, Lance and
                   Palfrader, Peter and Sassaman, Len},
  howpublished =  {IETF Internet Draft},
  title =         {{Mixmaster Protocol - Version 3}},
  year =          {2003},
  url =           {http://www.eskimo.com/~rowdenw/crypt/Mix/
                  draft-moeller-v3-01.txt},
}

@inproceedings{minion-design,
  author    = {George Danezis and
               Roger Dingledine and
               Nick Mathewson},
  title     = {{Mixminion: Design of a Type {III} Anonymous Remailer Protocol}},
  booktitle = {2003 {IEEE} Symposium on Security and Privacy (S{\&}P 2003), 11-14
               May 2003, Berkeley, CA, {USA}},
  pages     = {2--15},
  year      = {2003},
  publisher = {{IEEE} Computer Society},
   address = {Washington, DC, USA},
  website       = {http://dx.doi.org/10.1109/SECPRI.2003.1199323},
  timestamp = {Thu, 08 Jan 2015 16:59:43 +0100},
  biburl    = {http://dblp.uni-trier.de/rec/bib/conf/sp/DanezisDM03},
  bibsource = {dblp computer science bibliography, http://dblp.org}
}

@misc{Pew,
  author =        {Mary Madden},
  howpublished =
  {\url{http://www.pewinternet.org/2014/11/12/public-privacy-perceptions/}},
  key =           {Pew Research Internet Project},
  month =         {November},
  note =          {Accessed March 2015},
  title =         {{Public Perceptions of Privacy and Security in the
                   Post-Snowden Era}},
  year =          {2014},
}

@inproceedings{traffic_correlation,
  author    = {Steven J. Murdoch and
               George Danezis},
  title     = {{Low-Cost Traffic Analysis of Tor}},
  booktitle = {2005 {IEEE} Symposium on Security and Privacy (S{\&}P 2005), 8-11
               May 2005, Oakland, CA, {USA}},
  pages     = {183--195},
  year      = {2005},
  publisher = {{IEEE} Computer Society},
   address = {Washington, DC, USA},
  website       = {http://dx.doi.org/10.1109/SP.2005.12},
  timestamp = {Thu, 08 Jan 2015 16:59:44 +0100},
  biburl    = {http://dblp.uni-trier.de/rec/bib/conf/sp/MurdochD05},
  bibsource = {dblp computer science bibliography, http://dblp.org}
}

@inproceedings{raymond00,
  author =        {Jean-Fran\c{c}ois Raymond},
  booktitle =     {Proceedings of Designing Privacy Enhancing
                   Technologies: Workshop on Design Issues in Anonymity
                   and Unobservability},
  month =         {July},
  pages =         {10--29},
  publisher =     {Springer-Verlag, LNCS 2009},
  title =         {{Traffic Analysis: Protocols, Attacks, Design Issues,
                   and Open Problems}},
  year =          {2000},
}

@article{668972,
  author    = {Michael G. Reed and
               Paul F. Syverson and
               David M. Goldschlag},
  title     = {{Anonymous Connections and Onion Routing}},
  journal   = {{IEEE} Journal on Selected Areas in Communications},
  volume    = {16},
  number    = {4},
  pages     = {482--494},
  year      = {1998},
   address = {Washington, DC, USA},
  website       = {http://dx.doi.org/10.1109/49.668972},
  timestamp = {Fri, 12 Feb 4441745 12:20:32 +n},
  biburl    = {http://dblp.uni-trier.de/rec/bib/journals/jsac/ReedSG98},
  bibsource = {dblp computer science bibliography, http://dblp.org}
}


@misc{metrics_portal_network,
  author =        {The {\noopsort{Tor Project}}{Tor Project}},
  howpublished =
  {\url{https://metrics.torproject.org/networksize.html?graph=networksize&start=2014-12-08&end=2015-03-08}},
  key =           {Tor},
  month =         {October},
  note =          {Accessed March 2015},
  title =         {{Tor Metrics Portal: Network}},
  year =          {2015},
}

@misc{metrics_portal_download,
  author =        {The {\noopsort{Tor Project}}{Tor Project}},
  howpublished =
  {\url{https://metrics.torproject.org/torperf.html}},
  key =           {Tor},
  month =         {October},
  note =          {Accessed March 2015},
  title =         {{Tor Metrics Portal: Network}},
  year =          {2015},
}




@misc{rfc5246,
  author =        {Tim Dierks and Eric Rescorla},
  howpublished =  {\url{http://www.ietf.org/rfc/rfc5246.txt}},
  month =         {August},
  note =          {Accessed March 2015},
  title =         {{RFC 5246: The Transport Layer Security (TLS)
                   Protocol Version 1.2.}},
  year =          {2008},
}


@inproceedings{mccoy:pets2008,
  author    = {Damon McCoy and
               Kevin S. Bauer and
               Dirk Grunwald and
               Tadayoshi Kohno and
               Douglas C. Sicker},
  title     = {{Shining Light in Dark Places: Understanding the Tor Network}},
  booktitle = {Privacy Enhancing Technologies, 8th International Symposium, {PETS}
               2008, Leuven, Belgium, July 23-25, 2008, Proceedings},
  pages     = {63--76},
  publisher = {Springer},
  year      = {2008},
  website       = {http://dx.doi.org/10.1007/978-3-540-70630-4_5},
  timestamp = {Mon, 17 Nov 2008 21:35:54 +0100},
  biburl    = {http://dblp.uni-trier.de/rec/bib/conf/pet/McCoyBGKS08},
  bibsource = {dblp computer science bibliography, http://dblp.org}
}


@inproceedings{Tang_ewma,
  author    = {Can Tang and
               Ian Goldberg},
  title     = {{An Improved Algorithm for Tor Circuit Scheduling}},
  booktitle = {{Proceedings of the 17th {ACM} Conference on Computer and Communications
               Security, {CCS} 2010, Chicago, Illinois, USA, October 4-8, 2010}},
  pages     = {329--339},
  year      = {2010},
  publisher = {ACM},
  website       = {http://doi.acm.org/10.1145/1866307.1866345},
  timestamp = {Mon, 22 Nov 2010 21:15:06 +0100},
  biburl    = {http://dblp.uni-trier.de/rec/bib/conf/ccs/TangG10},
  address = {New York, NY, USA},
  bibsource = {dblp computer science bibliography, http://dblp.org}
}


@article{predecessor,
  author    = {Matthew K. Wright and
               Micah Adler and
               Brian Neil Levine and
               Clay Shields},
  title     = {{The Predecessor Attack: An Analysis of a Threat to Anonymous Communications
               Systems}},
  journal   = {{ACM} Trans. Inf. Syst. Secur.},
  volume    = {7},
  number    = {4},
  pages     = {489--522},
  year      = {2004},
  website       = {http://doi.acm.org/10.1145/1042031.1042032},
  timestamp = {Fri, 22 Apr 4442867 04:54:56 +},
  biburl    = {http://dblp.uni-trier.de/rec/bib/journals/tissec/WrightALS04},
  bibsource = {dblp computer science bibliography, http://dblp.org}
}


@inproceedings{hs-attack06,
  author    = {Lasse {\O}verlier and
               Paul F. Syverson},
  title     = {{Locating Hidden Servers}},
  booktitle = {2006 {IEEE} Symposium on Security and Privacy (S{\&}P 2006), 21-24
               May 2006, Berkeley, California, {USA}},
  pages     = {100--114},
  year      = {2006},
publisher = {{IEEE} Computer Society},
   address = {Washington, DC, USA},
  website       = {http://dx.doi.org/10.1109/SP.2006.24},
  timestamp = {Thu, 08 Jan 2015 16:59:43 +0100},
  biburl    = {http://dblp.uni-trier.de/rec/bib/conf/sp/OverlierS06},
  bibsource = {dblp computer science bibliography, http://dblp.org}
}

@misc{tor-spec,
  author =        {Roger Dingledine and Nick Mathewson},
  howpublished =
  {\url{https://gitweb.torproject.org/torspec.git/tree/tor-spec.txt}},
  note =          {Accessed March 2015},
  title =         {Tor Protocol Specification},
  year =          {2015},
}




@misc{sniper-countermeasure,
  author =        {Rob Jansen},
  howpublished =
  {\url{https://blog.torproject.org/blog/new-tor-denial-service-attacks-and-defenses}},
  note =          {Accessed January 2016},
  title =         {New Tor Denial of Service Attacks and Defenses},
  year =          {2016},
}


@inproceedings{anon-loves-company,
  author =        {Roger Dingledine and Nick Mathewson},
  booktitle =     {Workshop on the Economics of Information Security},
  month =         {June},
  pages =         {547--559},
  title =         {{Anonymity Loves Company: Usability and the Network
                   Effect}},
  year =          {2006},
}

@inproceedings{torsk,
  author    = {Jon McLachlan and
               Andrew Tran and
               Nicholas Hopper and
               Yongdae Kim},
  title     = {{Scalable Onion Routing with Torsk}},
  booktitle = {Proceedings of the 16th {ACM} Conference on Computer and Communications
               Security, {CCS} 2009, Chicago, Illinois, USA, November 9-13, 2009},
  pages     = {590--599},
  year      = {2009},
  publisher = {ACM},
  website       = {http://doi.acm.org/10.1145/1653662.1653733},
  timestamp = {Wed, 25 Nov 2009 10:38:32 +0100},
  address = {New York, NY, USA},
  biburl    = {http://dblp.uni-trier.de/rec/bib/conf/ccs/McLachlanTHK09},
  bibsource = {dblp computer science bibliography, http://dblp.org}
}

@misc{directory-spec,
  author =        {Roger Dingledine and Nick Mathewson},
  howpublished =
  {\url{https://gitweb.torproject.org/torspec.git/tree/dir-spec.txt}},
  key =           {Directory Specification},
  note =          {Accessed March 2015},
  title =         {{Tor Directory Specification, version 3}},
  year =          {2015},
}


@inproceedings{ccs07-doa,
  author    = {Nikita Borisov and
               George Danezis and
               Prateek Mittal and
               Parisa Tabriz},
  title     = {{Denial of Service or Denial of Security?}},
  booktitle = {Proceedings of the 14th {ACM} Conference on Computer and Communications
               Security, {CCS} 2007, Alexandria, Virginia, USA, October 28-31, 2007},
  pages     = {92--102},
  year      = {2007},
  publisher = {ACM},
  address = {New York, NY, USA},
  website       = {http://doi.acm.org/10.1145/1315245.1315258},
  timestamp = {Fri, 22 Feb 2008 08:21:35 +0100},
  biburl    = {http://dblp.uni-trier.de/rec/bib/conf/ccs/BorisovDMT07},
  bibsource = {dblp computer science bibliography, http://dblp.org}
}

@article{ccs07-latency-leak,
author = {Hopper, Nicholas and Vasserman, Eugene Y. and Chan-Tin, Eric},
 title = {{How Much Anonymity Does Network Latency Leak?}},
 journal = {ACM Trans. Inf. Syst. Secur.},
 issue_date = {February 2010},
 volume = {13},
 number = {2},
 month = {March},
 year = {2010},
 issn = {1094-9224},
 pages = {13:1--13:28},
 articleno = {13},
 numpages = {28},
 acmid = {1698753},
 publisher = {ACM},
 address = {New York, NY, USA},

}

@inproceedings{congestion-longpaths,
  author    = {Nathan S. Evans and
               Roger Dingledine and
               Christian Grothoff},
  title     = {{A Practical Congestion Attack on Tor Using Long Paths}},
  booktitle = {18th {USENIX} Security Symposium, Montreal, Canada, August 10-14,
               2009, Proceedings},
  pages     = {33--50},
  year      = {2009},
  publisher = {USENIX Association},
   address = {Berkeley, CA, USA},
  website       = {http://www.usenix.org/events/sec09/tech/full_papers/evans.pdf},
  timestamp = {Thu, 15 May 2014 18:36:21 +0200},
  biburl    = {http://dblp.uni-trier.de/rec/bib/conf/uss/EvansDG09},
  bibsource = {dblp computer science bibliography, http://dblp.org}
}

@inproceedings{throughputfigerprinting,
  address =       {New York, NY, USA},
  author =        {Mittal, Prateek and Khurshid, Ahmed and Juen, Joshua and
                   Caesar, Matthew and Borisov, Nikita},
  booktitle =     {Proceedings of the 18th ACM conference on Computer
                   and Communications Security},
  pages =         {215--226},
  publisher =     {ACM},
  series =        {CCS '11},
  title =         {{Stealthy Traffic Analysis of Low-Latency Anonymous
                   Communication using Throughput Fingerprinting}},
  year =          {2011},
  isbn =          {978-1-4503-0948-6},
  website =           {http://doi.acm.org/10.1145/2046707.2046732},
}

@inproceedings{murdoch07-ixs,
  author    = {Steven J. Murdoch and
               Piotr Zielinski},
  title     = {{Sampled Traffic Analysis by Internet-Exchange-Level Adversaries}},
  booktitle = {Privacy Enhancing Technologies, 7th International Symposium, {PET}
               2007 Ottawa, Canada, June 20-22, 2007, Revised Selected Papers},
  pages     = {167--183},
  year      = {2007},
  publisher = {Springer},
  website       = {http://dx.doi.org/10.1007/978-3-540-75551-7_11},
  timestamp = {Mon, 01 Oct 2007 13:50:39 +0200},
  biburl    = {http://dblp.uni-trier.de/rec/bib/conf/pet/MurdochZ07},
  bibsource = {dblp computer science bibliography, http://dblp.org}
}

@inproceedings{EdmanS09,
  author    = {Matthew Edman and
               Paul F. Syverson},
  title     = {{As-Awareness in Tor Path Selection}},
  booktitle = {Proceedings of the 16th {ACM} Conference on Computer and Communications
               Security, {CCS} 2009, Chicago, Illinois, USA, November 9-13, 2009},
  pages     = {380--389},
  year      = {2009},
  publisher = {ACM},
  address = {New York, NY, USA}, 
  website       = {http://doi.acm.org/10.1145/1653662.1653708},
  timestamp = {Wed, 25 Nov 2009 10:38:32 +0100},
  biburl    = {http://dblp.uni-trier.de/rec/bib/conf/ccs/EdmanS09},
  bibsource = {dblp computer science bibliography, http://dblp.org}
}

@inproceedings{tcp_over_dtls,
  author    = {Joel Reardon and
               Ian Goldberg},
  title     = {{Improving Tor using a TCP-over-DTLS Tunnel}},
  booktitle = {18th {USENIX} Security Symposium, Montreal, Canada, August 10-14,
               2009, Proceedings},
  pages     = {119--134},
  year      = {2009},
  publisher = {{USENIX Association}},
   address = {Berkeley, CA, USA},
  website       = {http://www.usenix.org/events/sec09/tech/full_papers/hao.pdf},
  timestamp = {Thu, 15 May 2014 18:36:21 +0200},
  biburl    = {http://dblp.uni-trier.de/rec/bib/conf/uss/ReardonG09},
  bibsource = {dblp computer science bibliography, http://dblp.org}
}

@inproceedings{Kate:2007:POR:1779330.1779337,
  author    = {Aniket Kate and
               Gregory M. Zaverucha and
               Ian Goldberg},
  title     = {{Pairing-Based Onion Routing}},
  booktitle = {Privacy Enhancing Technologies, 7th International Symposium, {PET}
               2007 Ottawa, Canada, June 20-22, 2007, Revised Selected Papers},
  pages     = {95--112},
  year      = {2007},
  publisher = {Springer},
  website       = {http://dx.doi.org/10.1007/978-3-540-75551-7_7},
  timestamp = {Mon, 01 Oct 2007 13:50:39 +0200},
  biburl    = {http://dblp.uni-trier.de/rec/bib/conf/pet/KateZG07},
  bibsource = {dblp computer science bibliography, http://dblp.org}
}

@inproceedings{incentives-fc10,
  author    = {Tsuen{-}Wan Ngan and
               Roger Dingledine and
               Dan S. Wallach},
  title     = {{Building Incentives into Tor}},
  booktitle = {Financial Cryptography and Data Security, 14th International Conference,
               {FC} 2010, Tenerife, Canary Islands, January 25-28, 2010, Revised
               Selected Papers},
  pages     = {238--256},
  year      = {2010},
   publisher = {Springer},
  website       = {http://dx.doi.org/10.1007/978-3-642-14577-3_19},
  timestamp = {Wed, 18 Aug 2010 13:39:50 +0200},
  biburl    = {http://dblp.uni-trier.de/rec/bib/conf/fc/NganDW10},
  bibsource = {dblp computer science bibliography, http://dblp.org}
}

@inproceedings{parasites,
  author    = {Rob Jansen and
               Nicholas Hopper and
               Paul F. Syverson},
  title     = {{Throttling Tor Bandwidth Parasites}},
  booktitle = {19th Annual Network and Distributed System Security Symposium, {NDSS}
               2012, San Diego, California, USA, February 5-8, 2012},
  year      = {2012},
   publisher = {The Internet Society},
  website       = {http://www.internetsociety.org/throttling-tor-bandwidth-parasites},
  timestamp = {Wed, 18 Sep 2013 19:36:26 +0200},
  biburl    = {http://dblp.uni-trier.de/rec/bib/conf/ndss/JansenHS12},
  bibsource = {dblp computer science bibliography, http://dblp.org}
}


@inproceedings{BRAIDS,
  author    = {Rob Jansen and
               Nicholas Hopper and
               Yongdae Kim},
  title     = {{Recruiting new Tor Relays with {BRAIDS}}},
  booktitle = {Proceedings of the 17th {ACM} Conference on Computer and Communications
               Security, {CCS} 2010, Chicago, Illinois, USA, October 4-8, 2010},
  pages     = {319--328},
  year      = {2010},
   publisher = {ACM},
  address = {New York, NY, USA},
  website       = {http://doi.acm.org/10.1145/1866307.1866344},
  timestamp = {Mon, 22 Nov 2010 21:15:07 +0100},
  biburl    = {http://dblp.uni-trier.de/rec/bib/conf/ccs/JansenHK10},
  bibsource = {dblp computer science bibliography, http://dblp.org}
}

@inproceedings{lira,
  author    = {Rob Jansen and
               Aaron Johnson and
               Paul F. Syverson},
  title     = {{LIRA:} Lightweight Incentivized Routing for Anonymity},
  booktitle = {20th Annual Network and Distributed System Security Symposium, {NDSS}
               2013, San Diego, California, USA, February 24-27, 2013},
  year      = {2013},
   publisher = {The Internet Society},
  website       = {http://internetsociety.org/doc/lira-lightweight-incentivized-routing-anonymity},
  timestamp = {Wed, 18 Sep 2013 19:03:12 +0200},
  biburl    = {http://dblp.uni-trier.de/rec/bib/conf/ndss/JansenJS13},
  bibsource = {dblp computer science bibliography, http://dblp.org}
}

@inproceedings{shadow,
  author    = {Rob Jansen and
               Nicholas Hopper},
  title     = {{Shadow: Running Tor in a Box for Accurate and Efficient Experimentation}},
  booktitle = {19th Annual Network and Distributed System Security Symposium, {NDSS}
               2012, San Diego, California, USA, February 5-8, 2012},
  year      = {2012},
   publisher = {The Internet Society},
  website       = {http://www.internetsociety.org/shadow-running-tor-box-accurate-and-efficient-experimentation},
  timestamp = {Wed, 18 Sep 2013 19:36:26 +0200},
  biburl    = {http://dblp.uni-trier.de/rec/bib/conf/ndss/JansenH12},
  bibsource = {dblp computer science bibliography, http://dblp.org}
}

@inproceedings{fair-tor,
  author =        {Florian Tschorsch and Bj{\"{o}}rn Scheurmann},
  booktitle =     {Proceedings of the 36th IEEE Conference on Local
                   Computer Networks (LCN)},
  month =         {October},
  number =        {},
  pages =         {432-440},
  title =         {{Tor is Unfair --- And What to Do About It}},
  volume =        {},
  publisher = {{IEEE} Computer Society},
   address = {Washington, DC, USA},
  year =          {2011},
  issn =          {0742-1303},
}

@inproceedings{tor_classification,
  address =       {New York, NY, USA},
  author =        {AlSabah, Mashael and Bauer, Kevin and Goldberg, Ian},
  booktitle =     {Proceedings of the 19th ACM Conference on Computer
                   and Communications Security},
  pages =         {73--84},
  series =        {CCS '12},
  publisher = 	  {ACM},
  title =         {{Enhancing Tor's Performance Using Real-Time Traffic
                   Classification}},
  year =          {2012},
  isbn =          {978-1-4503-1651-4},
  website =           {http://doi.acm.org/10.1145/2382196.2382208},
}

@inproceedings{tortoise,
  author =        {Moore, W. Brad and Wacek, Chris and Sherr, Micah},
  booktitle =     {Proceedings of the 27th Annual Computer Security
                   Applications Conference (ACSAC)},
  month =         {December},
  pages =         {207--216},
  publisher = {ACM},
  title =         {{Exploring the Potential Benefits of Expanded Rate
                   Limiting in {T}or: {S}low and Steady Wins the Race
                   with {T}ortoise}},
  year =          {2011},
  address = {New York, NY, USA},
  isbn =          {978-1-4503-0672-0},
  website =           {http://doi.acm.org/10.1145/2076732.2076762},
}

@phdthesis{rs:thesis,
  author =        {Snader, Robin},
  school =        {University of Illinois at Urbana-Champaign},
  title =         {{Path Selection for Performance- and
                   Security-Improved Onion Routing}},
  year =          {2010},
}

@inproceedings{conflux,
  author    = {Mashael AlSabah and
               Kevin S. Bauer and
               Tariq Elahi and
               Ian Goldberg},
  title     = {{The Path Less Travelled: Overcoming Tor's Bottlenecks with Traffic
               Splitting}},
  booktitle = {Privacy Enhancing Technologies - 13th International Symposium, {PETS}
               2013, Bloomington, IN, USA, July 10-12, 2013. Proceedings},
  pages     = {143--163},
  year      = {2013},
  publisher = {Springer},
  website       = {http://dx.doi.org/10.1007/978-3-642-39077-7_8},
  timestamp = {Fri, 07 Jun 2013 19:29:08 +0200},
  biburl    = {http://dblp.uni-trier.de/rec/bib/conf/pet/AlSabahBEG13},
  bibsource = {dblp computer science bibliography, http://dblp.org}
}

@inproceedings{fasttor:pets11,
  author    = {Mashael AlSabah and
               Kevin S. Bauer and
               Ian Goldberg and
               Dirk Grunwald and
               Damon McCoy and
               Stefan Savage and
               Geoffrey M. Voelker},
  title     = {{DefenestraTor: Throwing Out Windows in Tor}},
  booktitle = {Privacy Enhancing Technologies - 11th International Symposium, {PETS}
               2011, Waterloo, ON, Canada, July 27-29, 2011. Proceedings},
  pages     = {134--154},
  year      = {2011},
  publisher = {Springer Berlin Heidelberg},
  website       = {http://dx.doi.org/10.1007/978-3-642-22263-4_8},
  timestamp = {Tue, 16 Aug 2011 10:08:46 +0200},
  biburl    = {http://dblp.uni-trier.de/rec/bib/conf/pet/AlSabahBGGMSV11},
  bibsource = {dblp computer science bibliography, http://dblp.org}
}


@inproceedings{usertcp_experience_sigcomm,
  author =        {Edwards, Aled and Muir, Steve},
  booktitle =     {Proceedings of the conference on Applications,
                   Technologies, Architectures, and Protocols for
                   Computer Communication},
  pages =         {196--205},
  publisher =     {ACM},
  series =        {SIGCOMM '95},
  title =         {{Experiences Implementing a High Performance {TCP} in
                   User-Space}},
  year =          {1995},
  isbn =          {0-89791-711-1},
  address = {New York, NY, USA},
  website =           {http://doi.acm.org/10.1145/217382.318122},
}

@techreport{userlevel_tcp_inria,
  author =        {Braun, Torsten and Diot, Christophe and
                   Hoglander, Anna and Roca, Vincent},
  institution =   {INRIA},
  month =         sep,
  number =        {RR-2650},
  title =         {{An Experimental User Level Implementation of TCP}},
  year =          {1995},
  language =      {Anglais},
  url =           {http://hal.inria.fr/inria-00074040},
}

@misc{udp_or,
  author =        {Camilo Viecco},
  howpublished =
  {\url{http://www.petsymposium.org/2008/hotpets/udp-tor.pdf}},
  month =         {July},
  note =          {Accessed March 2015},
  title =         {{UDP-OR: A Fair Onion Transport Design}},
  year =          {2008},
}

@inproceedings{torchestra,
  author    = {Deepika Gopal and
               Nadia Heninger},
  title     = {{Torchestra: Reducing Interactive Traffic Delays Over Tor}},
  booktitle = {Proceedings of the 11th annual {ACM} Workshop on Privacy in the Electronic
               Society, {WPES} 2012, Raleigh, NC, USA, October 15, 2012},
  pages     = {31--42},
  year      = {2012},
  publisher = {ACM},
  website       = {http://doi.acm.org/10.1145/2381966.2381972},
  timestamp = {Tue, 30 Oct 2012 08:53:35 +0100},
  address = {New York, NY, USA},
  biburl    = {http://dblp.uni-trier.de/rec/bib/conf/wpes/GopalH12},
  bibsource = {dblp computer science bibliography, http://dblp.org}
}

@inproceedings{pctcp,
  author    = {Mashael AlSabah and
               Ian Goldberg},
  title     = {{PCTCP: Per-Circuit TCP-over-IPsec Transport for Anonymous Communication
               Overlay Networks}},
  booktitle = {Proceedings of the 2013 {ACM} {SIGSAC} Conference on Computer and Communications Security,
               CCS'13, Berlin, Germany, November 4-8, 2013},
  pages     = {349--360},
  publisher = {{ACM}},
  address = {New York, NY, USA},
  year      = {2013},
  website       = {http://doi.acm.org/10.1145/2508859.2516715},
  timestamp = {Fri, 08 Nov 2013 12:51:55 +0100},
  biburl    = {http://dblp.uni-trier.de/rec/bib/conf/ccs/AlSabahG13},
  bibsource = {dblp computer science bibliography, http://dblp.org}
}


@inproceedings{utor,
  address =       {Berkeley, CA},
  author =        {Michael F. Nowlan and David Isaac Wolinsky and
                   Bryan Ford},
  booktitle =     {Presented as part of the 3rd USENIX Workshop on Free
                   and Open Communications on the Internet},
  publisher =     {USENIX Association},
  title =         {{Reducing Latency in Tor Circuits with Unordered
                   Delivery}},
  year =          {2013},
  website =           {https://www.usenix.org/conference/foci13/
                  reducing-latency-tor-circuits-unordered-delivery},
}


@inproceedings{kist,
  author    = {Rob Jansen and
               John Geddes and
               Chris Wacek and
               Micah Sherr and
               Paul F. Syverson},
  title     = {{Never Been {KIST:} Tor's Congestion Management Blossoms with Kernel-Informed
               Socket Transport}},
  booktitle = {Proceedings of the 23rd {USENIX} Security Symposium, San Diego, CA,
               USA, August 20-22, 2014.},
  pages     = {127--142},
  year      = {2014},
  publisher = {USENIX Association},
   address = {Berkeley, CA, USA},
  website       = {https://www.usenix.org/conference/usenixsecurity14/technical-sessions/presentation/jansen},
  timestamp = {Wed, 10 Sep 2014 16:44:18 +0200},
  biburl    = {http://dblp.uni-trier.de/rec/bib/conf/uss/JansenGWSS14},
  bibsource = {dblp computer science bibliography, http://dblp.org}
}

@inproceedings{IMUX,
  address =       {New York, NY, USA},
  author =        {Geddes, John and Jansen, Rob and Hopper, Nicholas},
  booktitle =     {Proceedings of the 13th annual ACM Workshop on
                   Privacy in the Electronic Society},
  publisher =     {ACM},
  series =        {WPES '14},
  title =         {{IMUX: Managing Tor Connections from Two to Infinity,
                   and Beyond}},
  year =          {2014},
}

@inproceedings{tuneup,
  author    = {Robin Snader and
               Nikita Borisov},
  title     = {{A Tune-up for Tor: Improving Security and Performance in the Tor Network}},
  booktitle = {Proceedings of the Network and Distributed System Security Symposium,
               {NDSS} 2008, San Diego, California, USA, 10th February - 13th February
               2008},
  year      = {2008},
   publisher = {The Internet Society},
  website       = {http://www.isoc.org/isoc/conferences/ndss/08/papers/03_tune-up_for_TOR.pdf},
  timestamp = {Thu, 18 Jun 2009 21:33:57 +0200},
  biburl    = {http://dblp.uni-trier.de/rec/bib/conf/ndss/SnaderB08},
  bibsource = {dblp computer science bibliography, http://dblp.org}
}

@inproceedings{bauer:wpes2007,
  author    = {Kevin S. Bauer and
               Damon McCoy and
               Dirk Grunwald and
               Tadayoshi Kohno and
               Douglas C. Sicker},
  title     = {{Low-Resource Routing Attacks Against Tor}},
  booktitle = {Proceedings of the 2007 {ACM} Workshop on Privacy in the Electronic
               Society, {WPES} 2007, Alexandria, VA, USA, October 29, 2007},
  pages     = {11--20},
  year      = {2007},
  publisher = {{ACM}},
  timestamp = {Mon, 16 Jun 2008 09:06:01 +0200},
  address = {New York, NY, USA},
  biburl    = {http://dblp.uni-trier.de/rec/bib/conf/wpes/BauerMGKS07},
  bibsource = {dblp computer science bibliography, http://dblp.org}
}


@inproceedings{murdochw08,
  author    = {Steven J. Murdoch and
               Robert N. M. Watson},
  title     = {{Metrics for Security and Performance in Low-Latency Anonymity Systems}},
  booktitle = {Privacy Enhancing Technologies, 8th International Symposium, {PETS}
               2008, Leuven, Belgium, July 23-25, 2008, Proceedings},
  pages     = {115--132},
  year      = {2008},
  publisher = {Springer},
  website       = {http://dx.doi.org/10.1007/978-3-540-70630-4_8},
  timestamp = {Tue, 12 Aug 2008 09:37:30 +0200},
  biburl    = {http://dblp.uni-trier.de/rec/bib/conf/pet/MurdochW08},
  bibsource = {dblp computer science bibliography, http://dblp.org}
}

@inproceedings{micah_routing,
  author    = {Micah Sherr and
               Matt Blaze and
               Boon Thau Loo},
  title     = {{Scalable Link-Based Relay Selection for Anonymous Routing}},
  booktitle = {Privacy Enhancing Technologies, 9th International Symposium, {PETS}
               2009, Seattle, WA, USA, August 5-7, 2009. Proceedings},
  pages     = {73--93},
  year      = {2009},
  publisher = {Springer},
  website       = {http://dx.doi.org/10.1007/978-3-642-03168-7_5},
  timestamp = {Thu, 20 Aug 2009 13:17:32 +0200},
  biburl    = {http://dblp.uni-trier.de/rec/bib/conf/pet/SherrBL09},
  bibsource = {dblp computer science bibliography, http://dblp.org}
}


@inproceedings{Lastor,
  author    = {Masoud Akhoondi and
               Curtis Yu and
               Harsha V. Madhyastha},
  title     = {{LASTor: {A} Low-Latency AS-Aware Tor Client}},
  booktitle = {{IEEE} Symposium on Security and Privacy, {SP} 2012, 21-23 May 2012,
               San Francisco, California, {USA}},
  pages     = {476--490},
  year      = {2012},
  publisher = {{IEEE} Computer Society},
   address = {Washington, DC, USA},
  website       = {http://dx.doi.org/10.1109/SP.2012.35},
  timestamp = {Thu, 08 Jan 2015 16:59:44 +0100},
  biburl    = {http://dblp.uni-trier.de/rec/bib/conf/sp/AkhoondiYM12},
  bibsource = {dblp computer science bibliography, http://dblp.org}
}


@inproceedings{wacek_ndss,
  author    = {Chris Wacek and
               Henry Tan and
               Kevin S. Bauer and
               Micah Sherr},
  title     = {{An Empirical Evaluation of Relay Selection in Tor}},
  booktitle = {20th Annual Network and Distributed System Security Symposium, {NDSS}
               2013, San Diego, California, USA, February 24-27, 2013},
  publisher = {The Internet Society},
  year      = {2013},
  website       = {http://internetsociety.org/doc/empirical-evaluation-relay-selection-tor},
  timestamp = {Tue, 13 May 2014 19:27:48 +0200},
  biburl    = {http://dblp.uni-trier.de/rec/bib/conf/ndss/WacekTBS13},
  bibsource = {dblp computer science bibliography, http://dblp.org}
}


@inproceedings{CACR2011-20,
  author    = {Tao Wang and
               Kevin S. Bauer and
               Clara Forero and
               Ian Goldberg},
  title     = {{Congestion-Aware Path Selection for Tor}},
  booktitle = {Financial Cryptography and Data Security - 16th International Conference,
               {FC} 2012, Kralendijk, Bonaire, Februray 27-March 2, 2012, Revised
               Selected Papers},
  volume    = {7397},
  pages     = {98--113},
  publisher = {Springer},
  year      = {2012},
  website       = {http://dx.doi.org/10.1007/978-3-642-32946-3_9},
  timestamp = {Tue, 21 Aug 2012 08:23:47 +0200},
  biburl    = {http://dblp.uni-trier.de/rec/bib/conf/fc/WangBFG12},
  bibsource = {dblp computer science bibliography, http://dblp.org}
}


@inproceedings{secure-lookup,
  author    = {Qiyan Wang and
               Prateek Mittal and
               Nikita Borisov},
  title     = {{In Search of An Anonymous and Aecure Lookup: Attacks on Structured
               Peer-to-Peer Anonymous Communication Systems}},
  booktitle = {Proceedings of the 17th {ACM} Conference on Computer and Communications
               Security, {CCS} 2010, Chicago, Illinois, USA, October 4-8, 2010},
  pages     = {308--318},
  publisher = {{ACM}},
  address =       {New York, NY, USA}, 
 year      = {2010},
  website       = {http://doi.acm.org/10.1145/1866307.1866343},
  timestamp = {Mon, 22 Nov 2010 21:15:06 +0100},
  biburl    = {http://dblp.uni-trier.de/rec/bib/conf/ccs/WangMB10},
  bibsource = {dblp computer science bibliography, http://dblp.org}
}

@inproceedings{PIRTor,
author = {Mittal, Prateek and Olumofin, Femi and Troncoso, Carmela and Borisov, Nikita and Goldberg, Ian},
 title = {{PIR-Tor: Scalable Anonymous Communication Using Private Information Retrieval}},
 booktitle = {Proceedings of the 20th USENIX Conference on Security},
 series = {SEC'11},
 year = {2011},
 location = {San Francisco, CA},
 pages = {31--31},
 numpages = {1},
 url = {http://dl.acm.org/citation.cfm?id=2028067.2028098},
 acmid = {2028098},
 publisher = {USENIX Association},
 address = {Berkeley, CA, USA},

}


@inproceedings{Overlier:2007:IES:1779330.1779339,
  author    = {Lasse {\O}verlier and
               Paul F. Syverson},
  title     = {{Improving Efficiency and Simplicity of Tor Circuit Establishment and
               Hidden Services}},
  booktitle = {Privacy Enhancing Technologies, 7th International Symposium, {PET}
               2007 Ottawa, Canada, June 20-22, 2007, Revised Selected Papers},
  volume    = {4776},
  pages     = {134--152},
  publisher = {Springer},
  year      = {2007},
  website       = {http://dx.doi.org/10.1007/978-3-540-75551-7_9},
  timestamp = {Fri, 22 Feb 2008 08:17:05 +0100},
  biburl    = {http://dblp.uni-trier.de/rec/bib/conf/pet/OverlierS07},
  bibsource = {dblp computer science bibliography, http://dblp.org}
}


@misc{anononewayKA,
  author =        {Ian Goldberg and Douglas Stebila and
                   Berkant Ustaoglu},
  howpublished =  {University of Waterloo Technical Report CACR 2011-05},
  month =         {May},
  title =         {{Anonymity and One-way Authentication in Key Exchange
                   Protocols}},
  year =          {2011},
}

@inproceedings{Ace,
  author    = {Michael Backes and
               Aniket Kate and
               Esfandiar Mohammadi},
  title     = {{Ace: An Efficient Key-Exchange Protocol for Onion Routing}},
  booktitle = {Proceedings of the 11th annual {ACM} Workshop on Privacy in the Electronic
               Society, {WPES} 2012, Raleigh, NC, USA, October 15, 2012},
  pages     = {55--64},
  publisher = {{ACM}},
  address = {New York, NY, USA},
  year      = {2012},
  website       = {http://doi.acm.org/10.1145/2381966.2381974},
  timestamp = {Fri, 02 Jan 2015 14:47:11 +0100},
  biburl    = {http://dblp.uni-trier.de/rec/bib/conf/wpes/BackesKM12},
  bibsource = {dblp computer science bibliography, http://dblp.org}
}


@inproceedings{Catalano:2009:COR:1653662.1653682,
  author    = {Dario Catalano and
               Dario Fiore and
               Rosario Gennaro},
  title     = {{Certificateless Onion Routing}},
  booktitle = {Proceedings of the 2009 {ACM} Conference on Computer and Communications
               Security, {CCS} 2009, Chicago, Illinois, USA, November 9-13, 2009},
  pages     = {151--160},
  publisher = {{ACM}},
  address = {New York, NY, USA},
  year      = {2009},
  website       = {http://doi.acm.org/10.1145/1653662.1653682},
  timestamp = {Wed, 25 Nov 2009 10:38:32 +0100},
  biburl    = {http://dblp.uni-trier.de/rec/bib/conf/ccs/CatalanoFG09},
  bibsource = {dblp computer science bibliography, http://dblp.org}
}

@inproceedings{Herrmann,
  address =       {New York, NY, USA},
  author =        {Herrmann, Dominik and Wendolsky, Rolf and
                   Federrath, Hannes},
  booktitle =     {Proceedings of the 2009 ACM Workshop on Cloud
                   Computing Security},
  pages =         {31--42},
  publisher =     {ACM},
  series =        {CCSW '09},
  title =         {{Website Fingerprinting: Attacking Popular Privacy
                   Enhancing Technologies with the Multinomial
                   Naive-bayes Classifier}},
  year =          {2009},
  isbn =          {978-1-60558-784-4},
  website =           {http://doi.acm.org/10.1145/1655008.1655013},
}

@inproceedings{Panchenko,
  author    = {Andriy Panchenko and
               Lukas Niessen and
               Andreas Zinnen and
               Thomas Engel},
  title     = {{Website Fingerprinting in Onion Routing Based Anonymization Networks}},
  booktitle = {Proceedings of the 10th annual {ACM} workshop on Privacy in the electronic
               society, {WPES} 2011, Chicago, IL, USA, October 17, 2011},
  pages     = {103--114},
  publisher = {{ACM}},
 address = {New York, NY, USA},
  year      = {2011},
  website       = {http://doi.acm.org/10.1145/2046556.2046570},
  timestamp = {Sun, 15 Jul 2012 17:24:26 +0200},
  biburl    = {http://dblp.uni-trier.de/rec/bib/conf/wpes/PanchenkoNZE11},
  bibsource = {dblp computer science bibliography, http://dblp.org}
}

@inproceedings{oakland2012-peekaboo,
  author    = {Kevin P. Dyer and
               Scott E. Coull and
               Thomas Ristenpart and
               Thomas Shrimpton},
  title     = {Peek-a-Boo, {I} Still See You: Why Efficient Traffic Analysis Countermeasures
               Fail},
  booktitle = {{IEEE} Symposium on Security and Privacy, {SP} 2012, 21-23 May 2012,
               San Francisco, California, {USA}},
  pages     = {332--346},
  publisher = {{IEEE} Computer Society},
   address = {Washington, DC, USA},
  year      = {2012},
  website       = {http://dx.doi.org/10.1109/SP.2012.28},
  timestamp = {Thu, 08 Jan 2015 16:59:44 +0100},
  biburl    = {http://dblp.uni-trier.de/rec/bib/conf/sp/DyerCRS12},
  bibsource = {dblp computer science bibliography, http://dblp.org}
}

@inproceedings{wpes13-fingerprinting,
  author    = {Tao Wang and
               Ian Goldberg},
  title     = {{Improved Website Fingerprinting on Tor}},
  booktitle = {Proceedings of the 12th annual {ACM} Workshop on Privacy in the Electronic
               Society, {WPES} 2013, Berlin, Germany, November 4, 2013},
  pages     = {201--212},
  publisher = {{ACM}},
  year      = {2013},
  website       = {http://doi.acm.org/10.1145/2517840.2517851},
  timestamp = {Fri, 22 Nov 2013 19:51:29 +0100},
  biburl    = {http://dblp.uni-trier.de/rec/bib/conf/wpes/WangG13},
  bibsource = {dblp computer science bibliography, http://dblp.org}
}


@inproceedings{cs-buflo,
  address =       {New York, NY, USA},
  author =        {Cai, Xiang and Nithyanand, Rishab and Johnson, Rob},
  booktitle =     {Proceedings of the 13th Workshop on Privacy in the
                   Electronic Society},
  pages =         {121--130},
  publisher =     {ACM},
  series =        {WPES '14},
  title =         {{CS-BuFLO: A Congestion Sensitive Website
                   Fingerprinting Defense}},
  year =          {2014},
  isbn =          {978-1-4503-3148-7},
  website =           {http://doi.acm.org/10.1145/2665943.2665949},
}

@inproceedings{Glove,
  address =       {New York, NY, USA},
  author =        {Nithyanand, Rishab and Cai, Xiang and Johnson, Rob},
  booktitle =     {Proceedings of the 13th Workshop on Privacy in the
                   Electronic Society},
  pages =         {131--134},
  publisher =     {ACM},
  series =        {WPES '14},
  title =         {{Glove: A Bespoke Website Fingerprinting Defense}},
  year =          {2014},
  isbn =          {978-1-4503-3148-7},
  website =           {http://doi.acm.org/10.1145/2665943.2665950},
}


@inproceedings{knn-tao,
  author    = {Tao Wang and
               Xiang Cai and
               Rishab Nithyanand and
               Rob Johnson and
               Ian Goldberg},
  title     = {{Effective Attacks and Provable Defenses for Website Fingerprinting}},
  booktitle = {Proceedings of the 23rd {USENIX} Security Symposium, San Diego, CA,
               USA, August 20-22, 2014.},
  pages     = {143--157},
  publisher = {{USENIX} Association},
   address = {Berkeley, CA, USA},
  year      = {2014},
  website       = {https://www.usenix.org/conference/usenixsecurity14/technical-sessions/presentation/wang_tao},
  timestamp = {Wed, 10 Sep 2014 16:44:18 +0200},
  biburl    = {http://dblp.uni-trier.de/rec/bib/conf/uss/WangCNJG14},
  bibsource = {dblp computer science bibliography, http://dblp.org}
}


@inproceedings{sniper,
  author    = {Rob Jansen and
               Florian Tschorsch and
               Aaron Johnson and
               Bj{\"{o}}rn Scheuermann},
  title     = {{The Sniper Attack: Anonymously Deanonymizing and
                   Disabling the {T}or Network}},
  booktitle = {21st Annual Network and Distributed System Security Symposium, {NDSS}
               2014, San Diego, California, USA, February 23-26, 2013},
  publisher = {The Internet Society},
  year      = {2014},
  website       = {http://www.internetsociety.org/doc/sniper-attack-anonymously-deanonymizing-and-disabling-tor-network},
  timestamp = {Tue, 02 Dec 2014 18:34:54 +0100},
  biburl    = {http://dblp.uni-trier.de/rec/bib/conf/ndss/JansenTJS14},
  bibsource = {dblp computer science bibliography, http://dblp.org}
}


@inproceedings{Biryukov,
  address =       {Washington, DC, USA},
  author =        {Biryukov, Alex and Pustogarov, Ivan and
                   Weinmann, Ralf-Philipp},
  booktitle =     {Proceedings of the 2013 IEEE Symposium on Security
                   and Privacy},
  pages =         {80--94},
  series =        {SP '13},
  title =         {{Trawling for Tor Hidden Services: Detection,
                   Measurement, Deanonymization}},
  year =          {2013},
  publisher = {{IEEE} Computer Society},
  isbn =          {978-0-7695-4977-4},
  website =           {http://dx.doi.org/10.1109/SP.2013.15},
}

@misc{ZeuS,
  author =        {Lucian Constantin},
  howpublished =
  {\url{http://www.techworld.com/news/security/tor-network-used-command-skynet-botnet-3415592/}},
  month =         {December},
  note =          {Accessed March 2015},
  title =         {{Tor network used to command Skynet botnet}},
  year =          {2012},
}

@misc{mevade,
  author =        {John Dunn},
  howpublished =
  {\url{http://www.techworld.com/news/security/mevade-botnet-miscalculated-effect-on-tor-network-says-damballa-3468988/}},
  month =         {September},
  note =          {Accessed March 2015},
  title =         {{Mevade botnet miscalculated effect on Tor network,
                   says Damballa}},
  year =          {2013},
}

@misc{ChewBacca,
  author =        {Yotam Gottesman},
  howpublished =
  {\url{https://blogs.rsa.com/rsa-uncovers-new-pos-malware-operation-stealing-payment-card-personal-information/}},
  month =         {January},
  note =          {Accessed March 2015},
  title =         {{RSA Uncovers New POS Malware Operation Stealing
                   Payment Card \& Personal Information}},
  year =          {2014},
}

@inproceedings{botnetfc14,
  author =        {Nicholas Hopper},
  booktitle =     {Proceedings of Financial Cryptography and Data
                   Security (FC'14)},
  month =         {March},
  title =         {{Challenges in Protecting Tor Hidden Services from
                   Botnet Abuse}},
  publisher = {Springer},
  pages = 	{316--325},
  year =          {2014},
}


@inproceedings{HS_popularity,
  author    = {Alex Biryukov and
               Ivan Pustogarov and
               Fabrice Thill and
               Ralf{-}Philipp Weinmann},
  title     = {{Content and Popularity Analysis of Tor Hidden Services}},
  booktitle = {34th International Conference on Distributed Computing Systems Workshops
               {(ICDCS} 2014 Workshops), Madrid, Spain, June 30 - July 3, 2014},
  pages     = {188--193},
  publisher = {{IEEE} Computer Society},
   address = {Washington, DC, USA},
  year      = {2014},
  website       = {http://dx.doi.org/10.1109/ICDCSW.2014.20},
  timestamp = {Thu, 11 Dec 2014 17:34:09 +0100},
  biburl    = {http://dblp.uni-trier.de/rec/bib/conf/icdcsw/BiryukovPTW14},
  bibsource = {dblp computer science bibliography, http://dblp.org}
}


@inproceedings{notos,
  author    = {Manos Antonakakis and
               Roberto Perdisci and
               David Dagon and
               Wenke Lee and
               Nick Feamster},
  title     = {{Building a Dynamic Reputation System for {DNS}}},
  booktitle = {19th {USENIX} Security Symposium, Washington, DC, USA, August 11-13,
               2010, Proceedings},
  pages     = {273--290},
  publisher = {{USENIX} Association},
   address = {Berkeley, CA, USA},
  year      = {2010},
  website       = {http://www.usenix.org/events/sec10/tech/full_papers/Antonakakis.pdf},
  timestamp = {Wed, 14 May 2014 19:33:31 +0200},
  biburl    = {http://dblp.uni-trier.de/rec/bib/conf/uss/AntonakakisPDLF10},
  bibsource = {dblp computer science bibliography, http://dblp.org}
}


@inproceedings{Antonakakis,
  author    = {Manos Antonakakis and
               Roberto Perdisci and
               Yacin Nadji and
               Nikolaos Vasiloglou II and
               Saeed Abu{-}Nimeh and
               Wenke Lee and
               David Dagon},
  title     = {{From Throw-Away Traffic to Bots: Detecting the Rise of DGA-Based Malware}},
  booktitle = {Proceedings of the 21th {USENIX} Security Symposium, Bellevue, WA,
               USA, August 8-10, 2012},
  pages     = {491--506},
  publisher = {{USENIX} Association},
   address = {Berkeley, CA, USA},
  year      = {2012},
  website       = {https://www.usenix.org/conference/usenixsecurity12/technical-sessions/presentation/antonakakis},
  timestamp = {Thu, 15 May 2014 09:12:27 +0200},
  biburl    = {http://dblp.uni-trier.de/rec/bib/conf/uss/AntonakakisPNVALD12},
  bibsource = {dblp computer science bibliography, http://dblp.org}
}

@article{exposure,
  author    = {Leyla Bilge and
               Sevil Sen and
               Davide Balzarotti and
               Engin Kirda and
               Christopher Kruegel},
  title     = {{Exposure: {A} Passive {DNS} Analysis Service to Detect and Report
               Malicious Domains}},
  journal   = {{ACM} Trans. Inf. Syst. Secur.},
  volume    = {16},
  number    = {4},
  pages     = {14},
  year      = {2014},
  website       = {http://doi.acm.org/10.1145/2584679},
  timestamp = {Sun, 22 Dec 4461067 06:22:08 +},
  biburl    = {http://dblp.uni-trier.de/rec/bib/journals/tissec/BilgeSBKK14},
  bibsource = {dblp computer science bibliography, http://dblp.org}
}

@inproceedings{Ling_bridges,
  author =        {Zhen Ling and Junzhou Luo and Wei Yu and Ming Yang and
                   Xinwen Fu},
  booktitle =     {Proceedings of the {IEEE} {INFOCOM} 2012, Orlando,
                   FL, USA, March 25-30, 2012},
  pages =         {2381--2389},
  title =         {{Extensive Analysis and Large-Scale Empirical
                   Evaluation of Tor Bridge Discovery}},
  year =          {2012},
  publisher = {{IEEE} Computer Society},
   address = {Washington, DC, USA},
  website =           {http://dx.doi.org/10.1109/INFCOM.2012.6195627},
}

@misc{roger_bridges,
  author =        {Roger Dingledine},
  howpublished =
  {\url{https://blog.torproject.org/blog/research-problems-ten-ways-discover-tor-bridges}},
  month =         {October},
  note =          {Accessed March 2015},
  title =         {{Research Problems: Ten Ways to Discover Tor
                   Bridges}},
  year =          {2011},
}


@inproceedings{how_china_blocks,
  author    = {Philipp Winter and
               Stefan Lindskog},
  title     = {{How the Great Firewall of China is Blocking Tor}},
  booktitle = {2nd {USENIX} Workshop on Free and Open Communications on the Internet,
               {FOCI} '12, Bellevue, WA, USA, August 6, 2012},
  publisher = {{USENIX} Association},
   address = {Berkeley, CA, USA},
  year      = {2012},
  url       = {https://www.usenix.org/conference/foci12/workshop-program/presentation/winter},
  timestamp = {Tue, 20 May 2014 19:56:55 +0200},
  biburl    = {http://dblp.uni-trier.de/rec/bib/conf/uss/WinterL12},
  bibsource = {dblp computer science bibliography, http://dblp.org}
}



@inproceedings{ccs2012-skypemorph,
  author    = {Hooman Mohajeri Moghaddam and
               Baiyu Li and
               Mohammad Derakhshani and
               Ian Goldberg},
  title     = {{SkypeMorph: Protocol Obfuscation for {T}or Bridges}},
  booktitle = {Proceedings of the 19th ACM Conference on Computer and Communications Security, CCS'12,
               Raleigh, NC, USA, October 16-18, 2012},
  pages     = {97--108},
  publisher = {{ACM}},
 address = {New York, NY, USA},
  year      = {2012},
  website       = {http://doi.acm.org/10.1145/2382196.2382210},
  timestamp = {Tue, 16 Oct 2012 19:19:53 +0200},
  biburl    = {http://dblp.uni-trier.de/rec/bib/conf/ccs/MoghaddamLDG12},
  bibsource = {dblp computer science bibliography, http://dblp.org}
}



@inproceedings{flashproxies,
  author    = {David Fifield and
               Nate Hardison and
               Jonathan Ellithorpe and
               Emily Stark and
               Dan Boneh and
               Roger Dingledine and
               Phillip A. Porras},
  title     = {{Evading Censorship with Browser-Based Proxies}},
  booktitle = {Privacy Enhancing Technologies - 12th International Symposium, {PETS}
               2012, Vigo, Spain, July 11-13, 2012. Proceedings},
  volume    = {7384},
  pages     = {239--258},
  publisher = {Springer},
  year      = {2012},
  website       = {http://dx.doi.org/10.1007/978-3-642-31680-7_13},
  doi       = {10.1007/978-3-642-31680-7_13},
  timestamp = {Tue, 13 May 2014 19:27:48 +0200},
  biburl    = {http://dblp.uni-trier.de/rec/bib/conf/pet/FifieldHESBDP12},
  bibsource = {dblp computer science bibliography, http://dblp.org}
}




@inproceedings{FTE,
  author    = {Kevin P. Dyer and
               Scott E. Coull and
               Thomas Ristenpart and
               Thomas Shrimpton},
  title     = {{Protocol Misidentification Made Easy with Format-Transforming Encryption}},
  booktitle = {{Proceedings of the 2013 {ACM} {SIGSAC} Conference on Computer and Communications Security,
               CCS'13, Berlin, Germany, November 4-8, 2013}},
  pages     = {61--72},
  publisher = {{ACM}},
  address = {New York, NY, USA},
  year      = {2013},
  website       = {http://doi.acm.org/10.1145/2508859.2516657},
  timestamp = {Fri, 08 Nov 2013 12:51:55 +0100},
  biburl    = {http://dblp.uni-trier.de/rec/bib/conf/ccs/DyerCRS13},
  bibsource = {dblp computer science bibliography, http://dblp.org}
}


@inproceedings{oakland2013-parrot,
  author    = {Amir Houmansadr and
               Chad Brubaker and
               Vitaly Shmatikov},
  title     = {{The Parrot Is Dead: Observing Unobservable Network Communications}},
  booktitle = {2013 {IEEE} Symposium on Security and Privacy, {SP} 2013, Berkeley,
               CA, USA, May 19-22, 2013},
  pages     = {65--79},
  publisher = {{IEEE} Computer Society},
   address = {Washington, DC, USA},
  year      = {2013},
  website       = {http://dx.doi.org/10.1109/SP.2013.14},
  timestamp = {Thu, 08 Jan 2015 16:59:45 +0100},
  biburl    = {http://dblp.uni-trier.de/rec/bib/conf/sp/HoumansadrBS13},
  bibsource = {dblp computer science bibliography, http://dblp.org}
}


@inproceedings{zerocoin,
  author    = {Ian Miers and
               Christina Garman and
               Matthew Green and
               Aviel D. Rubin},
  title     = {{Zerocoin: Anonymous Distributed E-Cash from Bitcoin}},
  booktitle = {2013 {IEEE} Symposium on Security and Privacy, {SP} 2013, Berkeley,
               CA, USA, May 19-22, 2013},
  pages     = {397--411},
  publisher = {{IEEE} Computer Society},
   address = {Washington, DC, USA},
  year      = {2013},
  website       = {http://dx.doi.org/10.1109/SP.2013.34},
  timestamp = {Thu, 08 Jan 2015 16:59:44 +0100},
  biburl    = {http://dblp.uni-trier.de/rec/bib/conf/sp/MiersG0R13},
  bibsource = {dblp computer science bibliography, http://dblp.org}
}

@inproceedings{zerocash,
  author    = {Eli Ben{-}Sasson and
               Alessandro Chiesa and
               Christina Garman and
               Matthew Green and
               Ian Miers and
               Eran Tromer and
               Madars Virza},
  title     = {{Zerocash: Decentralized Anonymous Payments from Bitcoin}},
  booktitle = {2014 {IEEE} Symposium on Security and Privacy, {SP} 2014, Berkeley,
               CA, USA, May 18-21, 2014},
  pages     = {459--474},
  publisher = {{IEEE} Computer Society},
   address = {Washington, DC, USA},
  year      = {2014},
  timestamp = {Tue, 02 Dec 2014 18:47:29 +0100},
  biburl    = {http://dblp.uni-trier.de/rec/bib/conf/sp/Ben-SassonCG0MTV14},
  bibsource = {dblp computer science bibliography, http://dblp.org}
}


@inproceedings{ShWa-Timing06,
  author    = {Vitaly Shmatikov and
               Ming{-}Hsiu Wang},
  title     = {{Timing Analysis in Low-Latency Mix Networks: Attacks and Defenses}},
  booktitle = {Computer Security - {ESORICS} 2006, 11th European Symposium on Research
               in Computer Security, Hamburg, Germany, September 18-20, 2006, Proceedings},
  volume    = {4189},
  pages     = {18--33},
  publisher = {Springer},
  year      = {2006},
  website       = {http://dx.doi.org/10.1007/11863908_2},
  timestamp = {Mon, 06 Nov 2006 15:49:52 +0100},
  biburl    = {http://dblp.uni-trier.de/rec/bib/conf/esorics/ShmatikovW06},
  bibsource = {dblp computer science bibliography, http://dblp.org}
}

@inproceedings{link_padding,
  author    = {Wei Wang and
               Mehul Motani and
               Vikram Srinivasan},
  title     = {{Dependent link padding algorithms for low latency anonymity systems}},
  booktitle = {Proceedings of the 14th {ACM} Conference on Computer and Communications
               Security, {CCS} 2008, Alexandria, Virginia, USA, October 27-31, 2008},
  pages     = {323--332},
  publisher = {{ACM}},
  year      = {2008},
  website       = {http://doi.acm.org/10.1145/1455770.1455812},
  timestamp = {Tue, 11 Nov 2008 20:03:23 +0100},
  biburl    = {http://dblp.uni-trier.de/rec/bib/conf/ccs/WangMS08},
  bibsource = {dblp computer science bibliography, http://dblp.org}
}



@inproceedings{watermarking,
  author    = {Amir Houmansadr and
               Nikita Borisov},
  title     = {{The Need for Flow Fingerprints to Link Correlated Network Flows}},
  booktitle = {Privacy Enhancing Technologies - 13th International Symposium, {PETS}
               2013, Bloomington, IN, USA, July 10-12, 2013. Proceedings},
  volume    = {7981},
  pages     = {205--224},
  publisher = {Springer},
  year      = {2013},
  website       = {http://dx.doi.org/10.1007/978-3-642-39077-7_11},
  timestamp = {Fri, 07 Jun 2013 19:29:08 +0200},
  biburl    = {http://dblp.uni-trier.de/rec/bib/conf/pet/HoumansadrB13},
  bibsource = {dblp computer science bibliography, http://dblp.org}
}



@inproceedings{active-pet2010,
  author    = {Joan Feigenbaum and
               Aaron Johnson and
               Paul F. Syverson},
  title     = {{Preventing Active Timing Attacks in Low-Latency Anonymous Communication}},
  booktitle = {Privacy Enhancing Technologies, 10th International Symposium, {PETS}
               2010, Berlin, Germany, July 21-23, 2010. Proceedings},
  volume    = {6205},
  pages     = {166--183},
  publisher = {Springer},
  year      = {2010},
  website       = {http://dx.doi.org/10.1007/978-3-642-14527-8_10},
  timestamp = {Thu, 08 Jul 2010 09:31:32 +0200},
  biburl    = {http://dblp.uni-trier.de/rec/bib/conf/pet/FeigenbaumJS10},
  bibsource = {dblp computer science bibliography, http://dblp.org}
}


@misc{fastguard,
  author =        {Roger Dingledine and Nicholas Hopper and
                   George Kadianakis and Nick Mathewson},
  howpublished =
  {\url{https://www.petsymposium.org/2014/papers/Dingledine.pdf}},
  month =         {July},
  note =          {Accessed March 2015},
  title =         {{One Fast Guard for Life (or 9 Months)}},
  year =          {2014},
}

@misc{torcoin,
  author =        {Mainak Ghosh and Miles Richardson and Bryan Ford and
                   Rob Jansen},
  howpublished =
  {\url{http://www.robgjansen.com/publications/torpath-hotpets2014.pdf}},
  month =         {July},
  note =          {Accessed March 2015},
  title =         {{A TorPath to TorCoin: Proof-of-Bandwidth Altcoins for
                   Compensating Relays}},
  year =          {2014},
}

@misc{hsdir-harder,
   author = {Roger Dingledine},
   title = {Getting the HSDir flag should require more effort},
   howpublished = {\url{https://trac.torproject.org/projects/tor/ticket/8243}},
   year = {2013},
   note = {Accessed March 2015},
}
@inproceedings{Danezis-sda,
  author    = {George Danezis and
               Claudia D{\'{\i}}az and
               Carmela Troncoso},
  title     = {Two-Sided Statistical Disclosure Attack},
  booktitle = {Privacy Enhancing Technologies, 7th International Symposium, {PET}
               2007 Ottawa, Canada, June 20-22, 2007, Revised Selected Papers},
  pages     = {30--44},
  year      = {2007},
  publisher = {Springer},
  timestamp = {Mon, 01 Oct 2007 13:50:39 +0200},
}
@incollection{reverse-sda,
  author =        {Mallesh, Nayantara and Wright, Matthew},
  booktitle =     {Information Hiding},
  editor =        {B\"ohme, Rainer and Fong, Philip and
                   Safavi-Naini, Reihaneh},
  pages =         {221-234},
  publisher =     {Springer Berlin / Heidelberg},
  series =        {Lecture Notes in Computer Science},
  title =         {{The Reverse Statistical Disclosure Attack}},
  year =          {2010},
}

@inproceedings{ccs2012-fingerprinting,
 author = {Cai, Xiang and Zhang, Xin Cheng and Joshi, Brijesh and Johnson, Rob},
 title = {{Touching from a Distance: Website Fingerprinting Attacks and Defenses}},
 booktitle = {Proceedings of the 19th ACM Conference on Computer and Communications Security},
 series = {CCS '12},
 year = {2012},
 isbn = {978-1-4503-1651-4},
 location = {Raleigh, North Carolina, USA},
 pages = {605--616},
 numpages = {12},
 acmid = {2382260},
publisher = {{ACM}},
 address = {New York, NY, USA},
 keywords = {anonymity, website fingerprinting attacks}, 

}

@inproceedings{Cai_CCS_2014,
 author = {Cai, Xiang and Nithyanand, Rishab and Wang, Tao and Johnson, Rob and Goldberg, Ian},
 title = {{A Systematic Approach to Developing and Evaluating Website Fingerprinting Defenses}},
 booktitle = {{Proceedings of the 2014 ACM SIGSAC Conference on Computer and Communications Security}},
 series = {CCS '14},
 year = {2014},
 location = {Scottsdale, Arizona, USA},
 pages = {227--238},
 numpages = {12},
 publisher = {ACM},
 address = {New York, NY, USA},
 keywords = {anonymity, website fingerprinting attacks and defenses},
}
@inproceedings{Diaz-entropy,
 author = {D\'{\i}az, Claudia and Seys, Stefaan and Claessens, Joris and Preneel, Bart},
 title = {{Towards Measuring Anonymity}},
 booktitle = {Proceedings of the 2nd International Conference on Privacy Enhancing Technologies},
 series = {PET'02},
 year = {2002},
 location = {San Francisco, CA, USA},
 pages = {54--68},
 acmid = {1765304},
 publisher = {Springer-Verlag},
 address = {Berlin, Heidelberg},
}
@inproceedings{Serjantov-Danezis,
 author = {Serjantov, Andrei and Danezis, George},
 title = {{Towards an Information Theoretic Metric for Anonymity}},
 booktitle = {Proceedings of the 2nd International Conference on Privacy Enhancing Technologies},
 series = {PET'02},
 year = {2002},
 isbn = {3-540-00565-X},
 location = {San Francisco, CA, USA},
 pages = {41--53},
 publisher = {Springer-Verlag},
 address = {Berlin, Heidelberg},
}
@inproceedings{Schuchard:2010:BS:1866919.1866921,
 author = {Schuchard, Max and Dean, Alexander W. and Heorhiadi, Victor and Hopper, Nicholas and Kim, Yongdae},
 title = {{Balancing the Shadows}},
 booktitle = {Proceedings of the 9th annual ACM Workshop on Privacy in the Electronic Society},
 series = {WPES '10},
 year = {2010},
 location = {Chicago, Illinois, USA},
 pages = {1--10},
 numpages = {10},
 publisher = {ACM},
 address = {New York, NY, USA},
}
@inproceedings{Mittal09shadowwalker:peer-to-peer,
    author = {Prateek Mittal and Nikita Borisov},
    title = {{ShadowWalker: Peer-to-peer Anonymous Communication Using Redundant Structured Topologies }},
     booktitle = {Proceedings of the 16th ACM Conference on Computer and Communications Security},
 series = {CCS '09},
 year = {2009},
 location = {Chicago, Illinois, USA},
 pages = {161--172},
 numpages = {12},
 publisher = {{ACM}},
 address = {New York, NY, USA},
}
@inproceedings{Rennhard:2002:IMP:644527.644537,
 author = {Rennhard, Marc and Plattner, Bernhard},
 title = {{Introducing MorphMix: peer-to-peer based anonymous Internet usage with collusion detection}},
 booktitle = {Proceedings of the 2002 ACM workshop on Privacy in the Electronic Society},
 series = {WPES '02},
 year = {2002},
 location = {Washington, DC},
 pages = {91--102},
 publisher = {ACM},
 address = {New York, NY, USA},
 keywords = {anonymity, collusion detection, mix networks, peer-to-peer systems},
}
@InProceedings{tarzan:ccs02,
  title         = {{Tarzan: A Peer-to-Peer Anonymizing Network Layer}},
  author        = {Michael J. Freedman and Robert Morris},
  booktitle     = {{Proceedings of the 9th ACM Conference on Computer and
                  Communications Security}},
  year          = {2002},
publisher = {{ACM}},
  month         = {November},
  address       = {Washington, DC},
  pages         = {193--206}
}
@inproceedings{botnetP2P1,
 author = {Nagaraja, Shishir and Mittal, Prateek and Hong, Chi-Yao and Caesar, Matthew and Borisov, Nikita},
 title = {BotGrep: Finding P2P Bots with Structured Graph Analysis},
 booktitle = {Proceedings of the 19th USENIX Conference on Security},
 series = {USENIX Security'10},
 year = {2010},
 location = {Washington, DC},
 pages = {7--7},
 acmid = {1929830},
 publisher = {USENIX Association},
 address = {Berkeley, CA, USA},
}
@inproceedings{botnetP2P2,
 author = {Rossow, Christian and Andriesse, Dennis and Werner, Tillmann and Stone-Gross, Brett and Plohmann, Daniel and Dietrich, Christian J. and Bos, Herbert},
 title = {SoK: P2PWNED - Modeling and Evaluating the Resilience of Peer-to-Peer Botnets},
 booktitle = {Proceedings of the 2013 IEEE Symposium on Security and Privacy},
 series = {SP '13},
 year = {2013},
 isbn = {978-0-7695-4977-4},
 pages = {97--111},
 acmid = {2498104},
 publisher = {IEEE Computer Society},
 address = {Washington, DC, USA},
}
@misc{cryptoeprint:2015:235,
    author = {Mashael AlSabah and Ian Goldberg},
    title = {Performance and Security Improvements for Tor: A Survey},
    howpublished = {Cryptology ePrint Archive, Report 2015/235},
    year = {2016},
    note = {\url{http://eprint.iacr.org/}},
}

@misc{tears,
  author =        {Rob Jansen and Andrew Miller and Paul Syverson and Bryan Ford},
  howpublished =
  {\url{https://petsymposium.org/2014/papers/Jansen.pdf}},
  month =         {July},
  note =          {Accessed April 2015},
  title =         {{From Onions to Shallots: Rewarding Tor Relays with TEARS}},
  year =          {2014},
}

@inproceedings{Feamster:2004:LDA:1029179.1029199,
 author = {Feamster, Nick and Dingledine, Roger},
 title = {{Location Diversity in Anonymity Networks}},
 booktitle = {Proceedings of the 2004 ACM Workshop on Privacy in the Electronic Society},
 series = {WPES '04},
 year = {2004},
 location = {Washington DC, USA},
 pages = {66--76},
 numpages = {11},
 publisher = {ACM},
 keywords = {anonymity, interdomain routing, mix networks},
} 
@inproceedings{Johnson-trust-based,
 author = {Johnson, Aaron M. and Syverson, Paul and Dingledine, Roger and Mathewson, Nick},
 title = {Trust-based Anonymous Communication: Adversary Models and Routing Algorithms},
 booktitle = {Proceedings of the 18th ACM Conference on Computer and Communications Security},
 series = {CCS '11},
 year = {2011},
 location = {Chicago, Illinois, USA},
 pages = {175--186},
 numpages = {12},
 publisher = {ACM},
 keywords = {anonymous communication, onion routing, privacy, trust},
}
@incollection{geddes_lowgo,
year={2013},
isbn={978-3-642-39076-0},
booktitle={Privacy Enhancing Technologies},
volume={7981},
series={Lecture Notes in Computer Science},
editor={De Cristofaro, Emiliano and Wright, Matthew},
doi={10.1007/978-3-642-39077-7_9},
title={How Low Can You Go: Balancing Performance with Anonymity in Tor},
url={http://dx.doi.org/10.1007/978-3-642-39077-7_9},
publisher={Springer Berlin Heidelberg},
author={Geddes, John and Jansen, Rob and Hopper, Nicholas},
pages={164-184},
language={English}
}

@inproceedings {circuit_fingerprinting,
author = {Albert Kwon and Mashael AlSabah and David Lazar and Marc Dacier and Srinivas Devadas},
title = {Circuit Fingerprinting Attacks: Passive Deanonymization of Tor Hidden Services},
booktitle = {24th USENIX Security Symposium (USENIX Security 15)},
year = {2015},
month = Aug,
isbn = {978-1-931971-232},
address = {Washington, D.C.},
pages = {287--302},
url = {https://www.usenix.org/conference/usenixsecurity15/technical-sessions/presentation/kwon},
publisher = {USENIX Association},
}
@inproceedings {raptor,
author = {Yixin Sun and Anne Edmundson and Laurent Vanbever and Oscar Li and Jennifer Rexford and Mung Chiang and Prateek Mittal},
title = {RAPTOR: Routing Attacks on Privacy in Tor},
booktitle = {24th USENIX Security Symposium (USENIX Security 15)},
year = {2015},
month = Aug,
isbn = {978-1-931971-232},
address = {Washington, D.C.},
pages = {271--286},
url = {https://www.usenix.org/conference/usenixsecurity15/technical-sessions/presentation/sun},
publisher = {USENIX Association},
}

@article{e2e_protocol,
 author = {Ling, Zhen and Luo, Junzhou and Yu, Wei and Fu, Xinwen and Jia, Weijia and Zhao, Wei},
 title = {Protocol-level Attacks Against Tor},
 journal = {Comput. Netw.},
 issue_date = {March, 2013},
 volume = {57},
 number = {4},
 month = mar,
 year = {2013},
 issn = {1389-1286},
 pages = {869--886},
 numpages = {18},
 acmid = {2459711},
 publisher = {Elsevier North-Holland, Inc.},
 address = {New York, NY, USA},
 keywords = {Anonymity, Mix networks, Protocol-level attacks, Tor},
}

@inproceedings{e2e_counter,
 author = {Ling, Zhen and Luo, Junzhou and Yu, Wei and Fu, Xinwen and Xuan, Dong and Jia, Weijia},
 title = {A New Cell Counter Based Attack Against Tor},
 booktitle = {Proceedings of the 16th ACM Conference on Computer and Communications Security},
 series = {CCS '09},
 year = {2009},
 isbn = {978-1-60558-894-0},
 location = {Chicago, Illinois, USA},
 pages = {578--589},
 numpages = {12},
 url = {http://doi.acm.org/10.1145/1653662.1653732},
 doi = {10.1145/1653662.1653732},
 acmid = {1653732},
 publisher = {ACM},
 address = {New York, NY, USA},
 keywords = {anonymity, cell counter, mix networks, signal, tor},
} 

@INPROCEEDINGS{e2e_hs, 
author={Zhen Ling and Junzhou Luo and Kui Wu and Xinwen Fu}, 
booktitle={INFOCOM, 2013 Proceedings IEEE}, 
title={Protocol-level hidden server discovery}, 
year={2013}, 
pages={1043-1051}, 
keywords={IP networks;client-server systems;computer network security;telecommunication network routing;transport protocols;IP address;TCP-based service;Tor cells;Tor client;Tor entry onion routers;Tor hidden server localisation;Tor hidden server protocol;Tor rendezvous point;anonymous communication;hidden services;illegal Web site;illegal content;protocol-level hidden server discovery;transmission unit;Correlation;IP networks;Relays;Routing protocols;Servers;Timing;Anonymous Communication;Hidden Service;Tor}, 
doi={10.1109/INFCOM.2013.6566894}, 
ISSN={0743-166X}, 
month={April},}
 
@misc{CPU-challenged,
   author = {Nick Mathewson},
   title = {Split relay and link crypto across multiple CPU cores},
   howpublished = {\url{https://trac.torproject.org/projects/tor/ticket/1749}},
   year = {2010},
   note = {Accessed February 2016},
}

@misc{cloudflare,
   author = {Mike Perry},
   title = {The Trouble with Cloud Flare},
   howpublished = {\url{https://blog.torproject.org/blog/trouble-cloudflare}},
   year = {2016},
   note = {Accessed May 2016},
}


@inproceedings{blacklisting,
  author    = {Ryan Henry and
               Ian Goldberg},
  title     = {Formalizing Anonymous Blacklisting Systems},
  booktitle = {32nd {IEEE} Symposium on Security and Privacy, S{\&}P 2011, 22-25
               May 2011, Berkeley, California, {USA}},
  pages     = {81--95},
  year      = {2011},
} 
